%YAML 1.1
%TAG !u! tag:unity3d.com,2011:
--- !u!1 &5206581850509219792
GameObject:
  m_ObjectHideFlags: 0
  m_CorrespondingSourceObject: {fileID: 0}
  m_PrefabInstance: {fileID: 0}
  m_PrefabAsset: {fileID: 0}
  serializedVersion: 6
  m_Component:
  - component: {fileID: 5176827396705101412}
  - component: {fileID: 2299139124323061088}
  - component: {fileID: 5988782829916151617}
  - component: {fileID: 2331774608144054336}
  m_Layer: 0
  m_Name: Cube
  m_TagString: Untagged
  m_Icon: {fileID: 0}
  m_NavMeshLayer: 0
  m_StaticEditorFlags: 0
  m_IsActive: 1
--- !u!4 &5176827396705101412
Transform:
  m_ObjectHideFlags: 0
  m_CorrespondingSourceObject: {fileID: 0}
  m_PrefabInstance: {fileID: 0}
  m_PrefabAsset: {fileID: 0}
  m_GameObject: {fileID: 5206581850509219792}
  m_LocalRotation: {x: -0, y: -0, z: -0, w: 1}
  m_LocalPosition: {x: 0, y: -0.5, z: 0}
  m_LocalScale: {x: 4, y: 1, z: 20}
  m_Children: []
  m_Father: {fileID: 9223127187625020202}
  m_RootOrder: 0
  m_LocalEulerAnglesHint: {x: 0, y: 0, z: 0}
--- !u!33 &2299139124323061088
MeshFilter:
  m_ObjectHideFlags: 0
  m_CorrespondingSourceObject: {fileID: 0}
  m_PrefabInstance: {fileID: 0}
  m_PrefabAsset: {fileID: 0}
  m_GameObject: {fileID: 5206581850509219792}
  m_Mesh: {fileID: 10202, guid: 0000000000000000e000000000000000, type: 0}
--- !u!23 &5988782829916151617
MeshRenderer:
  m_ObjectHideFlags: 0
  m_CorrespondingSourceObject: {fileID: 0}
  m_PrefabInstance: {fileID: 0}
  m_PrefabAsset: {fileID: 0}
  m_GameObject: {fileID: 5206581850509219792}
  m_Enabled: 1
  m_CastShadows: 1
  m_ReceiveShadows: 1
  m_DynamicOccludee: 1
  m_MotionVectors: 1
  m_LightProbeUsage: 1
  m_ReflectionProbeUsage: 1
  m_RenderingLayerMask: 1
  m_RendererPriority: 0
  m_Materials:
  - {fileID: 2100000, guid: b22079b58fcee4560a47eae2045e8d19, type: 2}
  m_StaticBatchInfo:
    firstSubMesh: 0
    subMeshCount: 0
  m_StaticBatchRoot: {fileID: 0}
  m_ProbeAnchor: {fileID: 0}
  m_LightProbeVolumeOverride: {fileID: 0}
  m_ScaleInLightmap: 1
  m_ReceiveGI: 1
  m_PreserveUVs: 0
  m_IgnoreNormalsForChartDetection: 0
  m_ImportantGI: 0
  m_StitchLightmapSeams: 1
  m_SelectedEditorRenderState: 3
  m_MinimumChartSize: 4
  m_AutoUVMaxDistance: 0.5
  m_AutoUVMaxAngle: 89
  m_LightmapParameters: {fileID: 0}
  m_SortingLayerID: 0
  m_SortingLayer: 0
  m_SortingOrder: 0
--- !u!65 &2331774608144054336
BoxCollider:
  m_ObjectHideFlags: 0
  m_CorrespondingSourceObject: {fileID: 0}
  m_PrefabInstance: {fileID: 0}
  m_PrefabAsset: {fileID: 0}
  m_GameObject: {fileID: 5206581850509219792}
  m_Material: {fileID: 13400000, guid: 386367f3b317d456bbc60a9d0ece92e3, type: 2}
  m_IsTrigger: 0
  m_Enabled: 1
  serializedVersion: 2
  m_Size: {x: 1, y: 1, z: 1}
  m_Center: {x: 0, y: 0, z: 0}
--- !u!1 &7735536886348471613
GameObject:
  m_ObjectHideFlags: 0
  m_CorrespondingSourceObject: {fileID: 0}
  m_PrefabInstance: {fileID: 0}
  m_PrefabAsset: {fileID: 0}
  serializedVersion: 6
  m_Component:
  - component: {fileID: 9223127187625020202}
  m_Layer: 0
  m_Name: Gate 3
  m_TagString: Untagged
  m_Icon: {fileID: 0}
  m_NavMeshLayer: 0
  m_StaticEditorFlags: 0
  m_IsActive: 1
--- !u!4 &9223127187625020202
Transform:
  m_ObjectHideFlags: 0
  m_CorrespondingSourceObject: {fileID: 0}
  m_PrefabInstance: {fileID: 0}
  m_PrefabAsset: {fileID: 0}
  m_GameObject: {fileID: 7735536886348471613}
  m_LocalRotation: {x: 0, y: 0, z: 0, w: 1}
  m_LocalPosition: {x: 0, y: 0, z: 0}
  m_LocalScale: {x: 1, y: 1, z: 1}
  m_Children:
  - {fileID: 5176827396705101412}
  - {fileID: 9223127189330212409}
  - {fileID: 9223127189118677888}
  m_Father: {fileID: 0}
  m_RootOrder: 0
  m_LocalEulerAnglesHint: {x: 0, y: 0, z: 0}
--- !u!1 &9223127189118677903
GameObject:
  m_ObjectHideFlags: 0
  m_CorrespondingSourceObject: {fileID: 0}
  m_PrefabInstance: {fileID: 0}
  m_PrefabAsset: {fileID: 0}
  serializedVersion: 6
  m_Component:
  - component: {fileID: 9223127189118677888}
  m_Layer: 0
  m_Name: Row2
  m_TagString: Untagged
  m_Icon: {fileID: 0}
  m_NavMeshLayer: 0
  m_StaticEditorFlags: 0
  m_IsActive: 1
--- !u!4 &9223127189118677888
Transform:
  m_ObjectHideFlags: 0
  m_CorrespondingSourceObject: {fileID: 0}
  m_PrefabInstance: {fileID: 0}
  m_PrefabAsset: {fileID: 0}
  m_GameObject: {fileID: 9223127189118677903}
  m_LocalRotation: {x: 0, y: 0, z: 0, w: 1}
  m_LocalPosition: {x: 0, y: 0, z: 7.64}
  m_LocalScale: {x: 1, y: 1, z: 1}
  m_Children:
  - {fileID: 44363371764851616}
  - {fileID: 7500560935096346323}
  - {fileID: 5977978325787352049}
  - {fileID: 8358657572887731109}
  m_Father: {fileID: 9223127187625020202}
  m_RootOrder: 2
  m_LocalEulerAnglesHint: {x: 0, y: 0, z: 0}
--- !u!1 &9223127189330212408
GameObject:
  m_ObjectHideFlags: 0
  m_CorrespondingSourceObject: {fileID: 0}
  m_PrefabInstance: {fileID: 0}
  m_PrefabAsset: {fileID: 0}
  serializedVersion: 6
  m_Component:
  - component: {fileID: 9223127189330212409}
  m_Layer: 0
  m_Name: Row1
  m_TagString: Untagged
  m_Icon: {fileID: 0}
  m_NavMeshLayer: 0
  m_StaticEditorFlags: 0
  m_IsActive: 1
--- !u!4 &9223127189330212409
Transform:
  m_ObjectHideFlags: 0
  m_CorrespondingSourceObject: {fileID: 0}
  m_PrefabInstance: {fileID: 0}
  m_PrefabAsset: {fileID: 0}
  m_GameObject: {fileID: 9223127189330212408}
  m_LocalRotation: {x: 0, y: 0, z: 0, w: 1}
  m_LocalPosition: {x: 0, y: 0, z: 7.64}
  m_LocalScale: {x: 1, y: 1, z: 1}
  m_Children:
  - {fileID: 2709814883539893916}
  - {fileID: 3416745531137717328}
  - {fileID: 4918766543084554085}
  - {fileID: 2246938718197787327}
  - {fileID: 2449146547664773604}
  m_Father: {fileID: 9223127187625020202}
  m_RootOrder: 1
  m_LocalEulerAnglesHint: {x: 0, y: 0, z: 0}
--- !u!1001 &1123773930476994475
PrefabInstance:
  m_ObjectHideFlags: 0
  serializedVersion: 2
  m_Modification:
    m_TransformParent: {fileID: 9223127189118677888}
    m_Modifications:
    - target: {fileID: 8964301436178495534, guid: 4a7861b5fb60b49d58720c726f554baf,
        type: 3}
      propertyPath: m_Name
      value: House4
      objectReference: {fileID: 0}
    - target: {fileID: 8964301436178495534, guid: 4a7861b5fb60b49d58720c726f554baf,
        type: 3}
      propertyPath: m_TagString
      value: Enemy
      objectReference: {fileID: 0}
    - target: {fileID: 8964301436178850830, guid: 4a7861b5fb60b49d58720c726f554baf,
        type: 3}
      propertyPath: m_LocalPosition.x
      value: 1.177
      objectReference: {fileID: 0}
    - target: {fileID: 8964301436178850830, guid: 4a7861b5fb60b49d58720c726f554baf,
        type: 3}
      propertyPath: m_LocalPosition.y
      value: 2.23
      objectReference: {fileID: 0}
    - target: {fileID: 8964301436178850830, guid: 4a7861b5fb60b49d58720c726f554baf,
        type: 3}
      propertyPath: m_LocalPosition.z
      value: -3.76
      objectReference: {fileID: 0}
    - target: {fileID: 8964301436178850830, guid: 4a7861b5fb60b49d58720c726f554baf,
        type: 3}
      propertyPath: m_LocalRotation.x
      value: 0.7071068
      objectReference: {fileID: 0}
    - target: {fileID: 8964301436178850830, guid: 4a7861b5fb60b49d58720c726f554baf,
        type: 3}
      propertyPath: m_LocalRotation.y
      value: 0
      objectReference: {fileID: 0}
    - target: {fileID: 8964301436178850830, guid: 4a7861b5fb60b49d58720c726f554baf,
        type: 3}
      propertyPath: m_LocalRotation.z
      value: 0.7071068
      objectReference: {fileID: 0}
    - target: {fileID: 8964301436178850830, guid: 4a7861b5fb60b49d58720c726f554baf,
        type: 3}
      propertyPath: m_LocalRotation.w
      value: 0
      objectReference: {fileID: 0}
    - target: {fileID: 8964301436178850830, guid: 4a7861b5fb60b49d58720c726f554baf,
        type: 3}
      propertyPath: m_RootOrder
      value: 3
      objectReference: {fileID: 0}
    - target: {fileID: 8964301436178850830, guid: 4a7861b5fb60b49d58720c726f554baf,
        type: 3}
      propertyPath: m_LocalEulerAnglesHint.x
      value: 0
      objectReference: {fileID: 0}
    - target: {fileID: 8964301436178850830, guid: 4a7861b5fb60b49d58720c726f554baf,
        type: 3}
      propertyPath: m_LocalEulerAnglesHint.y
      value: 90
      objectReference: {fileID: 0}
    - target: {fileID: 8964301436178850830, guid: 4a7861b5fb60b49d58720c726f554baf,
        type: 3}
      propertyPath: m_LocalEulerAnglesHint.z
      value: 180
      objectReference: {fileID: 0}
    - target: {fileID: 8964301436178850830, guid: 4a7861b5fb60b49d58720c726f554baf,
        type: 3}
      propertyPath: m_LocalScale.x
      value: 0.010000007
      objectReference: {fileID: 0}
    - target: {fileID: 8964301436178850830, guid: 4a7861b5fb60b49d58720c726f554baf,
        type: 3}
      propertyPath: m_LocalScale.z
      value: 0.050000057
      objectReference: {fileID: 0}
    - target: {fileID: 8964301436178850830, guid: 4a7861b5fb60b49d58720c726f554baf,
        type: 3}
      propertyPath: m_LocalScale.y
      value: 0.08
      objectReference: {fileID: 0}
    - target: {fileID: 8964301436176557806, guid: 4a7861b5fb60b49d58720c726f554baf,
        type: 3}
      propertyPath: m_Materials.Array.data[0]
      value: 
      objectReference: {fileID: 2100000, guid: 59841f7a8acd648539438da7cafdbfe8, type: 2}
    - target: {fileID: 1043893494979651344, guid: 4a7861b5fb60b49d58720c726f554baf,
        type: 3}
      propertyPath: m_Enabled
      value: 0
      objectReference: {fileID: 0}
    - target: {fileID: 5212484518573874012, guid: 4a7861b5fb60b49d58720c726f554baf,
        type: 3}
      propertyPath: m_Enabled
      value: 0
      objectReference: {fileID: 0}
    m_RemovedComponents: []
  m_SourcePrefab: {fileID: 100100000, guid: 4a7861b5fb60b49d58720c726f554baf, type: 3}
--- !u!4 &8358657572887731109 stripped
Transform:
  m_CorrespondingSourceObject: {fileID: 8964301436178850830, guid: 4a7861b5fb60b49d58720c726f554baf,
    type: 3}
  m_PrefabInstance: {fileID: 1123773930476994475}
  m_PrefabAsset: {fileID: 0}
--- !u!1001 &1472889039121023709
PrefabInstance:
  m_ObjectHideFlags: 0
  serializedVersion: 2
  m_Modification:
    m_TransformParent: {fileID: 9223127189118677888}
    m_Modifications:
    - target: {fileID: 8964301436178495534, guid: 4a7861b5fb60b49d58720c726f554baf,
        type: 3}
      propertyPath: m_Name
      value: House2
      objectReference: {fileID: 0}
    - target: {fileID: 8964301436178495534, guid: 4a7861b5fb60b49d58720c726f554baf,
        type: 3}
      propertyPath: m_TagString
      value: Enemy
      objectReference: {fileID: 0}
    - target: {fileID: 8964301436178850830, guid: 4a7861b5fb60b49d58720c726f554baf,
        type: 3}
      propertyPath: m_LocalPosition.x
      value: -0.39999998
      objectReference: {fileID: 0}
    - target: {fileID: 8964301436178850830, guid: 4a7861b5fb60b49d58720c726f554baf,
        type: 3}
      propertyPath: m_LocalPosition.y
      value: 2.23
      objectReference: {fileID: 0}
    - target: {fileID: 8964301436178850830, guid: 4a7861b5fb60b49d58720c726f554baf,
        type: 3}
      propertyPath: m_LocalPosition.z
      value: -3.76
      objectReference: {fileID: 0}
    - target: {fileID: 8964301436178850830, guid: 4a7861b5fb60b49d58720c726f554baf,
        type: 3}
      propertyPath: m_LocalRotation.x
      value: 0.7071068
      objectReference: {fileID: 0}
    - target: {fileID: 8964301436178850830, guid: 4a7861b5fb60b49d58720c726f554baf,
        type: 3}
      propertyPath: m_LocalRotation.y
      value: 0
      objectReference: {fileID: 0}
    - target: {fileID: 8964301436178850830, guid: 4a7861b5fb60b49d58720c726f554baf,
        type: 3}
      propertyPath: m_LocalRotation.z
      value: 0.7071068
      objectReference: {fileID: 0}
    - target: {fileID: 8964301436178850830, guid: 4a7861b5fb60b49d58720c726f554baf,
        type: 3}
      propertyPath: m_LocalRotation.w
      value: 0
      objectReference: {fileID: 0}
    - target: {fileID: 8964301436178850830, guid: 4a7861b5fb60b49d58720c726f554baf,
        type: 3}
      propertyPath: m_RootOrder
      value: 1
      objectReference: {fileID: 0}
    - target: {fileID: 8964301436178850830, guid: 4a7861b5fb60b49d58720c726f554baf,
        type: 3}
      propertyPath: m_LocalEulerAnglesHint.x
      value: 0
      objectReference: {fileID: 0}
    - target: {fileID: 8964301436178850830, guid: 4a7861b5fb60b49d58720c726f554baf,
        type: 3}
      propertyPath: m_LocalEulerAnglesHint.y
      value: 90
      objectReference: {fileID: 0}
    - target: {fileID: 8964301436178850830, guid: 4a7861b5fb60b49d58720c726f554baf,
        type: 3}
      propertyPath: m_LocalEulerAnglesHint.z
      value: 180
      objectReference: {fileID: 0}
    - target: {fileID: 8964301436178850830, guid: 4a7861b5fb60b49d58720c726f554baf,
        type: 3}
      propertyPath: m_LocalScale.x
      value: 0.010000007
      objectReference: {fileID: 0}
    - target: {fileID: 8964301436178850830, guid: 4a7861b5fb60b49d58720c726f554baf,
        type: 3}
      propertyPath: m_LocalScale.z
      value: 0.050000057
      objectReference: {fileID: 0}
    - target: {fileID: 8964301436178850830, guid: 4a7861b5fb60b49d58720c726f554baf,
        type: 3}
      propertyPath: m_LocalScale.y
      value: 0.08
      objectReference: {fileID: 0}
    - target: {fileID: 8964301436176557806, guid: 4a7861b5fb60b49d58720c726f554baf,
        type: 3}
      propertyPath: m_Materials.Array.data[0]
      value: 
      objectReference: {fileID: 2100000, guid: 59841f7a8acd648539438da7cafdbfe8, type: 2}
    - target: {fileID: 1043893494979651344, guid: 4a7861b5fb60b49d58720c726f554baf,
        type: 3}
      propertyPath: m_Enabled
      value: 0
      objectReference: {fileID: 0}
    - target: {fileID: 5212484518573874012, guid: 4a7861b5fb60b49d58720c726f554baf,
        type: 3}
      propertyPath: m_Enabled
      value: 0
      objectReference: {fileID: 0}
    m_RemovedComponents: []
  m_SourcePrefab: {fileID: 100100000, guid: 4a7861b5fb60b49d58720c726f554baf, type: 3}
--- !u!4 &7500560935096346323 stripped
Transform:
  m_CorrespondingSourceObject: {fileID: 8964301436178850830, guid: 4a7861b5fb60b49d58720c726f554baf,
    type: 3}
  m_PrefabInstance: {fileID: 1472889039121023709}
  m_PrefabAsset: {fileID: 0}
--- !u!1001 &3355625049410043903
PrefabInstance:
  m_ObjectHideFlags: 0
  serializedVersion: 2
  m_Modification:
    m_TransformParent: {fileID: 9223127189118677888}
    m_Modifications:
    - target: {fileID: 8964301436178495534, guid: 4a7861b5fb60b49d58720c726f554baf,
        type: 3}
      propertyPath: m_Name
      value: House3
      objectReference: {fileID: 0}
    - target: {fileID: 8964301436178495534, guid: 4a7861b5fb60b49d58720c726f554baf,
        type: 3}
      propertyPath: m_TagString
      value: Enemy
      objectReference: {fileID: 0}
    - target: {fileID: 8964301436178850830, guid: 4a7861b5fb60b49d58720c726f554baf,
        type: 3}
      propertyPath: m_LocalPosition.x
      value: 0.38500002
      objectReference: {fileID: 0}
    - target: {fileID: 8964301436178850830, guid: 4a7861b5fb60b49d58720c726f554baf,
        type: 3}
      propertyPath: m_LocalPosition.y
      value: 2.23
      objectReference: {fileID: 0}
    - target: {fileID: 8964301436178850830, guid: 4a7861b5fb60b49d58720c726f554baf,
        type: 3}
      propertyPath: m_LocalPosition.z
      value: -3.76
      objectReference: {fileID: 0}
    - target: {fileID: 8964301436178850830, guid: 4a7861b5fb60b49d58720c726f554baf,
        type: 3}
      propertyPath: m_LocalRotation.x
      value: 0.7071068
      objectReference: {fileID: 0}
    - target: {fileID: 8964301436178850830, guid: 4a7861b5fb60b49d58720c726f554baf,
        type: 3}
      propertyPath: m_LocalRotation.y
      value: 0
      objectReference: {fileID: 0}
    - target: {fileID: 8964301436178850830, guid: 4a7861b5fb60b49d58720c726f554baf,
        type: 3}
      propertyPath: m_LocalRotation.z
      value: 0.7071068
      objectReference: {fileID: 0}
    - target: {fileID: 8964301436178850830, guid: 4a7861b5fb60b49d58720c726f554baf,
        type: 3}
      propertyPath: m_LocalRotation.w
      value: 0
      objectReference: {fileID: 0}
    - target: {fileID: 8964301436178850830, guid: 4a7861b5fb60b49d58720c726f554baf,
        type: 3}
      propertyPath: m_RootOrder
      value: 2
      objectReference: {fileID: 0}
    - target: {fileID: 8964301436178850830, guid: 4a7861b5fb60b49d58720c726f554baf,
        type: 3}
      propertyPath: m_LocalEulerAnglesHint.x
      value: 0
      objectReference: {fileID: 0}
    - target: {fileID: 8964301436178850830, guid: 4a7861b5fb60b49d58720c726f554baf,
        type: 3}
      propertyPath: m_LocalEulerAnglesHint.y
      value: 90
      objectReference: {fileID: 0}
    - target: {fileID: 8964301436178850830, guid: 4a7861b5fb60b49d58720c726f554baf,
        type: 3}
      propertyPath: m_LocalEulerAnglesHint.z
      value: 180
      objectReference: {fileID: 0}
    - target: {fileID: 8964301436178850830, guid: 4a7861b5fb60b49d58720c726f554baf,
        type: 3}
      propertyPath: m_LocalScale.x
      value: 0.010000007
      objectReference: {fileID: 0}
    - target: {fileID: 8964301436178850830, guid: 4a7861b5fb60b49d58720c726f554baf,
        type: 3}
      propertyPath: m_LocalScale.z
      value: 0.050000057
      objectReference: {fileID: 0}
    - target: {fileID: 8964301436178850830, guid: 4a7861b5fb60b49d58720c726f554baf,
        type: 3}
      propertyPath: m_LocalScale.y
      value: 0.08
      objectReference: {fileID: 0}
    - target: {fileID: 8964301436176557806, guid: 4a7861b5fb60b49d58720c726f554baf,
        type: 3}
      propertyPath: m_Materials.Array.data[0]
      value: 
      objectReference: {fileID: 2100000, guid: 59841f7a8acd648539438da7cafdbfe8, type: 2}
    - target: {fileID: 1043893494979651344, guid: 4a7861b5fb60b49d58720c726f554baf,
        type: 3}
      propertyPath: m_Enabled
      value: 0
      objectReference: {fileID: 0}
    - target: {fileID: 5212484518573874012, guid: 4a7861b5fb60b49d58720c726f554baf,
        type: 3}
      propertyPath: m_Enabled
      value: 0
      objectReference: {fileID: 0}
    m_RemovedComponents: []
  m_SourcePrefab: {fileID: 100100000, guid: 4a7861b5fb60b49d58720c726f554baf, type: 3}
--- !u!4 &5977978325787352049 stripped
Transform:
  m_CorrespondingSourceObject: {fileID: 8964301436178850830, guid: 4a7861b5fb60b49d58720c726f554baf,
    type: 3}
  m_PrefabInstance: {fileID: 3355625049410043903}
  m_PrefabAsset: {fileID: 0}
--- !u!1001 &4045746172904039275
PrefabInstance:
  m_ObjectHideFlags: 0
  serializedVersion: 2
  m_Modification:
    m_TransformParent: {fileID: 9223127189330212409}
    m_Modifications:
    - target: {fileID: 8964301436178495534, guid: 4a7861b5fb60b49d58720c726f554baf,
        type: 3}
      propertyPath: m_Name
      value: House3
      objectReference: {fileID: 0}
    - target: {fileID: 8964301436178495534, guid: 4a7861b5fb60b49d58720c726f554baf,
        type: 3}
      propertyPath: m_TagString
      value: Enemy
      objectReference: {fileID: 0}
    - target: {fileID: 8964301436178850830, guid: 4a7861b5fb60b49d58720c726f554baf,
        type: 3}
      propertyPath: m_LocalPosition.x
      value: -0.002
      objectReference: {fileID: 0}
    - target: {fileID: 8964301436178850830, guid: 4a7861b5fb60b49d58720c726f554baf,
        type: 3}
      propertyPath: m_LocalPosition.y
      value: 0
      objectReference: {fileID: 0}
    - target: {fileID: 8964301436178850830, guid: 4a7861b5fb60b49d58720c726f554baf,
        type: 3}
      propertyPath: m_LocalPosition.z
      value: -3.76
      objectReference: {fileID: 0}
    - target: {fileID: 8964301436178850830, guid: 4a7861b5fb60b49d58720c726f554baf,
        type: 3}
      propertyPath: m_LocalRotation.x
      value: 0
      objectReference: {fileID: 0}
    - target: {fileID: 8964301436178850830, guid: 4a7861b5fb60b49d58720c726f554baf,
        type: 3}
      propertyPath: m_LocalRotation.y
      value: 0.7071068
      objectReference: {fileID: 0}
    - target: {fileID: 8964301436178850830, guid: 4a7861b5fb60b49d58720c726f554baf,
        type: 3}
      propertyPath: m_LocalRotation.z
      value: 0
      objectReference: {fileID: 0}
    - target: {fileID: 8964301436178850830, guid: 4a7861b5fb60b49d58720c726f554baf,
        type: 3}
      propertyPath: m_LocalRotation.w
      value: 0.7071068
      objectReference: {fileID: 0}
    - target: {fileID: 8964301436178850830, guid: 4a7861b5fb60b49d58720c726f554baf,
        type: 3}
      propertyPath: m_RootOrder
      value: 2
      objectReference: {fileID: 0}
    - target: {fileID: 8964301436178850830, guid: 4a7861b5fb60b49d58720c726f554baf,
        type: 3}
      propertyPath: m_LocalEulerAnglesHint.x
      value: 0
      objectReference: {fileID: 0}
    - target: {fileID: 8964301436178850830, guid: 4a7861b5fb60b49d58720c726f554baf,
        type: 3}
      propertyPath: m_LocalEulerAnglesHint.y
      value: 90
      objectReference: {fileID: 0}
    - target: {fileID: 8964301436178850830, guid: 4a7861b5fb60b49d58720c726f554baf,
        type: 3}
      propertyPath: m_LocalEulerAnglesHint.z
      value: 0
      objectReference: {fileID: 0}
    - target: {fileID: 8964301436178850830, guid: 4a7861b5fb60b49d58720c726f554baf,
        type: 3}
      propertyPath: m_LocalScale.x
      value: 0.01
      objectReference: {fileID: 0}
    - target: {fileID: 8964301436178850830, guid: 4a7861b5fb60b49d58720c726f554baf,
        type: 3}
      propertyPath: m_LocalScale.z
      value: 0.05
      objectReference: {fileID: 0}
    - target: {fileID: 8964301436178850830, guid: 4a7861b5fb60b49d58720c726f554baf,
        type: 3}
      propertyPath: m_LocalScale.y
      value: 0.08
      objectReference: {fileID: 0}
    - target: {fileID: 8964301436176557806, guid: 4a7861b5fb60b49d58720c726f554baf,
        type: 3}
      propertyPath: m_Materials.Array.data[0]
      value: 
      objectReference: {fileID: 2100000, guid: 59841f7a8acd648539438da7cafdbfe8, type: 2}
    - target: {fileID: 1043893494979651344, guid: 4a7861b5fb60b49d58720c726f554baf,
        type: 3}
      propertyPath: m_Enabled
      value: 0
      objectReference: {fileID: 0}
    - target: {fileID: 5212484518573874012, guid: 4a7861b5fb60b49d58720c726f554baf,
        type: 3}
      propertyPath: m_Enabled
      value: 0
      objectReference: {fileID: 0}
    m_RemovedComponents: []
  m_SourcePrefab: {fileID: 100100000, guid: 4a7861b5fb60b49d58720c726f554baf, type: 3}
--- !u!4 &4918766543084554085 stripped
Transform:
  m_CorrespondingSourceObject: {fileID: 8964301436178850830, guid: 4a7861b5fb60b49d58720c726f554baf,
    type: 3}
  m_PrefabInstance: {fileID: 4045746172904039275}
  m_PrefabAsset: {fileID: 0}
--- !u!1001 &5984491554137116766
PrefabInstance:
  m_ObjectHideFlags: 0
  serializedVersion: 2
  m_Modification:
    m_TransformParent: {fileID: 9223127189330212409}
    m_Modifications:
    - target: {fileID: 8964301436178495534, guid: 4a7861b5fb60b49d58720c726f554baf,
        type: 3}
      propertyPath: m_Name
      value: House2
      objectReference: {fileID: 0}
    - target: {fileID: 8964301436178495534, guid: 4a7861b5fb60b49d58720c726f554baf,
        type: 3}
      propertyPath: m_TagString
      value: Enemy
      objectReference: {fileID: 0}
    - target: {fileID: 8964301436178850830, guid: 4a7861b5fb60b49d58720c726f554baf,
        type: 3}
      propertyPath: m_LocalPosition.x
      value: -0.787
      objectReference: {fileID: 0}
    - target: {fileID: 8964301436178850830, guid: 4a7861b5fb60b49d58720c726f554baf,
        type: 3}
      propertyPath: m_LocalPosition.y
      value: 0
      objectReference: {fileID: 0}
    - target: {fileID: 8964301436178850830, guid: 4a7861b5fb60b49d58720c726f554baf,
        type: 3}
      propertyPath: m_LocalPosition.z
      value: -3.76
      objectReference: {fileID: 0}
    - target: {fileID: 8964301436178850830, guid: 4a7861b5fb60b49d58720c726f554baf,
        type: 3}
      propertyPath: m_LocalRotation.x
      value: 0
      objectReference: {fileID: 0}
    - target: {fileID: 8964301436178850830, guid: 4a7861b5fb60b49d58720c726f554baf,
        type: 3}
      propertyPath: m_LocalRotation.y
      value: 0.7071068
      objectReference: {fileID: 0}
    - target: {fileID: 8964301436178850830, guid: 4a7861b5fb60b49d58720c726f554baf,
        type: 3}
      propertyPath: m_LocalRotation.z
      value: 0
      objectReference: {fileID: 0}
    - target: {fileID: 8964301436178850830, guid: 4a7861b5fb60b49d58720c726f554baf,
        type: 3}
      propertyPath: m_LocalRotation.w
      value: 0.7071068
      objectReference: {fileID: 0}
    - target: {fileID: 8964301436178850830, guid: 4a7861b5fb60b49d58720c726f554baf,
        type: 3}
      propertyPath: m_RootOrder
      value: 1
      objectReference: {fileID: 0}
    - target: {fileID: 8964301436178850830, guid: 4a7861b5fb60b49d58720c726f554baf,
        type: 3}
      propertyPath: m_LocalEulerAnglesHint.x
      value: 0
      objectReference: {fileID: 0}
    - target: {fileID: 8964301436178850830, guid: 4a7861b5fb60b49d58720c726f554baf,
        type: 3}
      propertyPath: m_LocalEulerAnglesHint.y
      value: 90
      objectReference: {fileID: 0}
    - target: {fileID: 8964301436178850830, guid: 4a7861b5fb60b49d58720c726f554baf,
        type: 3}
      propertyPath: m_LocalEulerAnglesHint.z
      value: 0
      objectReference: {fileID: 0}
    - target: {fileID: 8964301436178850830, guid: 4a7861b5fb60b49d58720c726f554baf,
        type: 3}
      propertyPath: m_LocalScale.x
      value: 0.01
      objectReference: {fileID: 0}
    - target: {fileID: 8964301436178850830, guid: 4a7861b5fb60b49d58720c726f554baf,
        type: 3}
      propertyPath: m_LocalScale.z
      value: 0.05
      objectReference: {fileID: 0}
    - target: {fileID: 8964301436178850830, guid: 4a7861b5fb60b49d58720c726f554baf,
        type: 3}
      propertyPath: m_LocalScale.y
      value: 0.08
      objectReference: {fileID: 0}
    - target: {fileID: 8964301436176557806, guid: 4a7861b5fb60b49d58720c726f554baf,
        type: 3}
      propertyPath: m_Materials.Array.data[0]
      value: 
      objectReference: {fileID: 2100000, guid: 59841f7a8acd648539438da7cafdbfe8, type: 2}
    - target: {fileID: 1043893494979651344, guid: 4a7861b5fb60b49d58720c726f554baf,
        type: 3}
      propertyPath: m_Enabled
      value: 0
      objectReference: {fileID: 0}
    - target: {fileID: 5212484518573874012, guid: 4a7861b5fb60b49d58720c726f554baf,
        type: 3}
      propertyPath: m_Enabled
      value: 0
      objectReference: {fileID: 0}
    m_RemovedComponents: []
  m_SourcePrefab: {fileID: 100100000, guid: 4a7861b5fb60b49d58720c726f554baf, type: 3}
--- !u!4 &3416745531137717328 stripped
Transform:
  m_CorrespondingSourceObject: {fileID: 8964301436178850830, guid: 4a7861b5fb60b49d58720c726f554baf,
    type: 3}
  m_PrefabInstance: {fileID: 5984491554137116766}
  m_PrefabAsset: {fileID: 0}
--- !u!1001 &6484245506150161042
PrefabInstance:
  m_ObjectHideFlags: 0
  serializedVersion: 2
  m_Modification:
    m_TransformParent: {fileID: 9223127189330212409}
    m_Modifications:
    - target: {fileID: 8964301436178495534, guid: 4a7861b5fb60b49d58720c726f554baf,
        type: 3}
      propertyPath: m_Name
      value: House1
      objectReference: {fileID: 0}
    - target: {fileID: 8964301436178495534, guid: 4a7861b5fb60b49d58720c726f554baf,
        type: 3}
      propertyPath: m_TagString
      value: Enemy
      objectReference: {fileID: 0}
    - target: {fileID: 8964301436178850830, guid: 4a7861b5fb60b49d58720c726f554baf,
        type: 3}
      propertyPath: m_LocalPosition.x
      value: -1.583
      objectReference: {fileID: 0}
    - target: {fileID: 8964301436178850830, guid: 4a7861b5fb60b49d58720c726f554baf,
        type: 3}
      propertyPath: m_LocalPosition.y
      value: 0
      objectReference: {fileID: 0}
    - target: {fileID: 8964301436178850830, guid: 4a7861b5fb60b49d58720c726f554baf,
        type: 3}
      propertyPath: m_LocalPosition.z
      value: -3.76
      objectReference: {fileID: 0}
    - target: {fileID: 8964301436178850830, guid: 4a7861b5fb60b49d58720c726f554baf,
        type: 3}
      propertyPath: m_LocalRotation.x
      value: 0
      objectReference: {fileID: 0}
    - target: {fileID: 8964301436178850830, guid: 4a7861b5fb60b49d58720c726f554baf,
        type: 3}
      propertyPath: m_LocalRotation.y
      value: 0.7071068
      objectReference: {fileID: 0}
    - target: {fileID: 8964301436178850830, guid: 4a7861b5fb60b49d58720c726f554baf,
        type: 3}
      propertyPath: m_LocalRotation.z
      value: 0
      objectReference: {fileID: 0}
    - target: {fileID: 8964301436178850830, guid: 4a7861b5fb60b49d58720c726f554baf,
        type: 3}
      propertyPath: m_LocalRotation.w
      value: 0.7071068
      objectReference: {fileID: 0}
    - target: {fileID: 8964301436178850830, guid: 4a7861b5fb60b49d58720c726f554baf,
        type: 3}
      propertyPath: m_RootOrder
      value: 0
      objectReference: {fileID: 0}
    - target: {fileID: 8964301436178850830, guid: 4a7861b5fb60b49d58720c726f554baf,
        type: 3}
      propertyPath: m_LocalEulerAnglesHint.x
      value: 0
      objectReference: {fileID: 0}
    - target: {fileID: 8964301436178850830, guid: 4a7861b5fb60b49d58720c726f554baf,
        type: 3}
      propertyPath: m_LocalEulerAnglesHint.y
      value: 90
      objectReference: {fileID: 0}
    - target: {fileID: 8964301436178850830, guid: 4a7861b5fb60b49d58720c726f554baf,
        type: 3}
      propertyPath: m_LocalEulerAnglesHint.z
      value: 0
      objectReference: {fileID: 0}
    - target: {fileID: 8964301436178850830, guid: 4a7861b5fb60b49d58720c726f554baf,
        type: 3}
      propertyPath: m_LocalScale.x
      value: 0.01
      objectReference: {fileID: 0}
    - target: {fileID: 8964301436178850830, guid: 4a7861b5fb60b49d58720c726f554baf,
        type: 3}
      propertyPath: m_LocalScale.z
      value: 0.05
      objectReference: {fileID: 0}
    - target: {fileID: 8964301436178850830, guid: 4a7861b5fb60b49d58720c726f554baf,
        type: 3}
      propertyPath: m_LocalScale.y
      value: 0.08
      objectReference: {fileID: 0}
    - target: {fileID: 8964301436176557806, guid: 4a7861b5fb60b49d58720c726f554baf,
        type: 3}
      propertyPath: m_Materials.Array.data[0]
      value: 
      objectReference: {fileID: 2100000, guid: 59841f7a8acd648539438da7cafdbfe8, type: 2}
    - target: {fileID: 1043893494979651344, guid: 4a7861b5fb60b49d58720c726f554baf,
        type: 3}
      propertyPath: m_Enabled
      value: 0
      objectReference: {fileID: 0}
    - target: {fileID: 5212484518573874012, guid: 4a7861b5fb60b49d58720c726f554baf,
        type: 3}
      propertyPath: m_Enabled
      value: 0
      objectReference: {fileID: 0}
    m_RemovedComponents: []
  m_SourcePrefab: {fileID: 100100000, guid: 4a7861b5fb60b49d58720c726f554baf, type: 3}
--- !u!4 &2709814883539893916 stripped
Transform:
  m_CorrespondingSourceObject: {fileID: 8964301436178850830, guid: 4a7861b5fb60b49d58720c726f554baf,
    type: 3}
  m_PrefabInstance: {fileID: 6484245506150161042}
  m_PrefabAsset: {fileID: 0}
--- !u!1001 &6744850066459592170
PrefabInstance:
  m_ObjectHideFlags: 0
  serializedVersion: 2
  m_Modification:
    m_TransformParent: {fileID: 9223127189330212409}
    m_Modifications:
    - target: {fileID: 8964301436178495534, guid: 4a7861b5fb60b49d58720c726f554baf,
        type: 3}
      propertyPath: m_Name
      value: House5
      objectReference: {fileID: 0}
    - target: {fileID: 8964301436178495534, guid: 4a7861b5fb60b49d58720c726f554baf,
        type: 3}
      propertyPath: m_TagString
      value: Enemy
      objectReference: {fileID: 0}
    - target: {fileID: 8964301436178850830, guid: 4a7861b5fb60b49d58720c726f554baf,
        type: 3}
      propertyPath: m_LocalPosition.x
      value: 1.578
      objectReference: {fileID: 0}
    - target: {fileID: 8964301436178850830, guid: 4a7861b5fb60b49d58720c726f554baf,
        type: 3}
      propertyPath: m_LocalPosition.y
      value: 0
      objectReference: {fileID: 0}
    - target: {fileID: 8964301436178850830, guid: 4a7861b5fb60b49d58720c726f554baf,
        type: 3}
      propertyPath: m_LocalPosition.z
      value: -3.76
      objectReference: {fileID: 0}
    - target: {fileID: 8964301436178850830, guid: 4a7861b5fb60b49d58720c726f554baf,
        type: 3}
      propertyPath: m_LocalRotation.x
      value: 0
      objectReference: {fileID: 0}
    - target: {fileID: 8964301436178850830, guid: 4a7861b5fb60b49d58720c726f554baf,
        type: 3}
      propertyPath: m_LocalRotation.y
      value: 0.7071068
      objectReference: {fileID: 0}
    - target: {fileID: 8964301436178850830, guid: 4a7861b5fb60b49d58720c726f554baf,
        type: 3}
      propertyPath: m_LocalRotation.z
      value: 0
      objectReference: {fileID: 0}
    - target: {fileID: 8964301436178850830, guid: 4a7861b5fb60b49d58720c726f554baf,
        type: 3}
      propertyPath: m_LocalRotation.w
      value: 0.7071068
      objectReference: {fileID: 0}
    - target: {fileID: 8964301436178850830, guid: 4a7861b5fb60b49d58720c726f554baf,
        type: 3}
      propertyPath: m_RootOrder
      value: 4
      objectReference: {fileID: 0}
    - target: {fileID: 8964301436178850830, guid: 4a7861b5fb60b49d58720c726f554baf,
        type: 3}
      propertyPath: m_LocalEulerAnglesHint.x
      value: 0
      objectReference: {fileID: 0}
    - target: {fileID: 8964301436178850830, guid: 4a7861b5fb60b49d58720c726f554baf,
        type: 3}
      propertyPath: m_LocalEulerAnglesHint.y
      value: 90
      objectReference: {fileID: 0}
    - target: {fileID: 8964301436178850830, guid: 4a7861b5fb60b49d58720c726f554baf,
        type: 3}
      propertyPath: m_LocalEulerAnglesHint.z
      value: 0
      objectReference: {fileID: 0}
    - target: {fileID: 8964301436178850830, guid: 4a7861b5fb60b49d58720c726f554baf,
        type: 3}
      propertyPath: m_LocalScale.x
      value: 0.01
      objectReference: {fileID: 0}
    - target: {fileID: 8964301436178850830, guid: 4a7861b5fb60b49d58720c726f554baf,
        type: 3}
      propertyPath: m_LocalScale.z
      value: 0.05
      objectReference: {fileID: 0}
    - target: {fileID: 8964301436178850830, guid: 4a7861b5fb60b49d58720c726f554baf,
        type: 3}
      propertyPath: m_LocalScale.y
      value: 0.08
      objectReference: {fileID: 0}
    - target: {fileID: 8964301436176557806, guid: 4a7861b5fb60b49d58720c726f554baf,
        type: 3}
      propertyPath: m_Materials.Array.data[0]
      value: 
      objectReference: {fileID: 2100000, guid: 59841f7a8acd648539438da7cafdbfe8, type: 2}
    - target: {fileID: 1043893494979651344, guid: 4a7861b5fb60b49d58720c726f554baf,
        type: 3}
      propertyPath: m_Enabled
      value: 0
      objectReference: {fileID: 0}
    - target: {fileID: 5212484518573874012, guid: 4a7861b5fb60b49d58720c726f554baf,
        type: 3}
      propertyPath: m_Enabled
      value: 0
      objectReference: {fileID: 0}
    m_RemovedComponents: []
  m_SourcePrefab: {fileID: 100100000, guid: 4a7861b5fb60b49d58720c726f554baf, type: 3}
--- !u!4 &2449146547664773604 stripped
Transform:
  m_CorrespondingSourceObject: {fileID: 8964301436178850830, guid: 4a7861b5fb60b49d58720c726f554baf,
    type: 3}
  m_PrefabInstance: {fileID: 6744850066459592170}
  m_PrefabAsset: {fileID: 0}
--- !u!1001 &7154287370181201585
PrefabInstance:
  m_ObjectHideFlags: 0
  serializedVersion: 2
  m_Modification:
    m_TransformParent: {fileID: 9223127189330212409}
    m_Modifications:
    - target: {fileID: 8964301436178495534, guid: 4a7861b5fb60b49d58720c726f554baf,
        type: 3}
      propertyPath: m_Name
      value: House4
      objectReference: {fileID: 0}
    - target: {fileID: 8964301436178495534, guid: 4a7861b5fb60b49d58720c726f554baf,
        type: 3}
      propertyPath: m_TagString
      value: Enemy
      objectReference: {fileID: 0}
    - target: {fileID: 8964301436178495534, guid: 4a7861b5fb60b49d58720c726f554baf,
        type: 3}
      propertyPath: m_IsActive
      value: 0
      objectReference: {fileID: 0}
    - target: {fileID: 8964301436178850830, guid: 4a7861b5fb60b49d58720c726f554baf,
        type: 3}
      propertyPath: m_LocalPosition.x
      value: 0.79
      objectReference: {fileID: 0}
    - target: {fileID: 8964301436178850830, guid: 4a7861b5fb60b49d58720c726f554baf,
        type: 3}
      propertyPath: m_LocalPosition.y
      value: 0
      objectReference: {fileID: 0}
    - target: {fileID: 8964301436178850830, guid: 4a7861b5fb60b49d58720c726f554baf,
        type: 3}
      propertyPath: m_LocalPosition.z
      value: -3.76
      objectReference: {fileID: 0}
    - target: {fileID: 8964301436178850830, guid: 4a7861b5fb60b49d58720c726f554baf,
        type: 3}
      propertyPath: m_LocalRotation.x
      value: 0
      objectReference: {fileID: 0}
    - target: {fileID: 8964301436178850830, guid: 4a7861b5fb60b49d58720c726f554baf,
        type: 3}
      propertyPath: m_LocalRotation.y
      value: 0.7071068
      objectReference: {fileID: 0}
    - target: {fileID: 8964301436178850830, guid: 4a7861b5fb60b49d58720c726f554baf,
        type: 3}
      propertyPath: m_LocalRotation.z
      value: 0
      objectReference: {fileID: 0}
    - target: {fileID: 8964301436178850830, guid: 4a7861b5fb60b49d58720c726f554baf,
        type: 3}
      propertyPath: m_LocalRotation.w
      value: 0.7071068
      objectReference: {fileID: 0}
    - target: {fileID: 8964301436178850830, guid: 4a7861b5fb60b49d58720c726f554baf,
        type: 3}
      propertyPath: m_RootOrder
      value: 3
      objectReference: {fileID: 0}
    - target: {fileID: 8964301436178850830, guid: 4a7861b5fb60b49d58720c726f554baf,
        type: 3}
      propertyPath: m_LocalEulerAnglesHint.x
      value: 0
      objectReference: {fileID: 0}
    - target: {fileID: 8964301436178850830, guid: 4a7861b5fb60b49d58720c726f554baf,
        type: 3}
      propertyPath: m_LocalEulerAnglesHint.y
      value: 90
      objectReference: {fileID: 0}
    - target: {fileID: 8964301436178850830, guid: 4a7861b5fb60b49d58720c726f554baf,
        type: 3}
      propertyPath: m_LocalEulerAnglesHint.z
      value: 0
      objectReference: {fileID: 0}
    - target: {fileID: 8964301436178850830, guid: 4a7861b5fb60b49d58720c726f554baf,
        type: 3}
      propertyPath: m_LocalScale.x
      value: 0.01
      objectReference: {fileID: 0}
    - target: {fileID: 8964301436178850830, guid: 4a7861b5fb60b49d58720c726f554baf,
        type: 3}
      propertyPath: m_LocalScale.z
      value: 0.05
      objectReference: {fileID: 0}
    - target: {fileID: 8964301436178850830, guid: 4a7861b5fb60b49d58720c726f554baf,
        type: 3}
      propertyPath: m_LocalScale.y
      value: 0.08
      objectReference: {fileID: 0}
    - target: {fileID: 8964301436176557806, guid: 4a7861b5fb60b49d58720c726f554baf,
        type: 3}
      propertyPath: m_Materials.Array.data[0]
      value: 
      objectReference: {fileID: 2100000, guid: 59841f7a8acd648539438da7cafdbfe8, type: 2}
    - target: {fileID: 1043893494979651344, guid: 4a7861b5fb60b49d58720c726f554baf,
        type: 3}
      propertyPath: m_Enabled
      value: 0
      objectReference: {fileID: 0}
    - target: {fileID: 5212484518573874012, guid: 4a7861b5fb60b49d58720c726f554baf,
        type: 3}
      propertyPath: m_Enabled
      value: 0
      objectReference: {fileID: 0}
    m_RemovedComponents: []
  m_SourcePrefab: {fileID: 100100000, guid: 4a7861b5fb60b49d58720c726f554baf, type: 3}
--- !u!4 &2246938718197787327 stripped
Transform:
  m_CorrespondingSourceObject: {fileID: 8964301436178850830, guid: 4a7861b5fb60b49d58720c726f554baf,
    type: 3}
  m_PrefabInstance: {fileID: 7154287370181201585}
  m_PrefabAsset: {fileID: 0}
--- !u!1001 &9005515804424521646
PrefabInstance:
  m_ObjectHideFlags: 0
  serializedVersion: 2
  m_Modification:
    m_TransformParent: {fileID: 9223127189118677888}
    m_Modifications:
    - target: {fileID: 8964301436178495534, guid: 4a7861b5fb60b49d58720c726f554baf,
        type: 3}
      propertyPath: m_Name
      value: House1
      objectReference: {fileID: 0}
    - target: {fileID: 8964301436178495534, guid: 4a7861b5fb60b49d58720c726f554baf,
        type: 3}
      propertyPath: m_TagString
      value: Enemy
      objectReference: {fileID: 0}
    - target: {fileID: 8964301436178850830, guid: 4a7861b5fb60b49d58720c726f554baf,
        type: 3}
      propertyPath: m_LocalPosition.x
      value: -1.1959999
      objectReference: {fileID: 0}
    - target: {fileID: 8964301436178850830, guid: 4a7861b5fb60b49d58720c726f554baf,
        type: 3}
      propertyPath: m_LocalPosition.y
      value: 2.23
      objectReference: {fileID: 0}
    - target: {fileID: 8964301436178850830, guid: 4a7861b5fb60b49d58720c726f554baf,
        type: 3}
      propertyPath: m_LocalPosition.z
      value: -3.76
      objectReference: {fileID: 0}
    - target: {fileID: 8964301436178850830, guid: 4a7861b5fb60b49d58720c726f554baf,
        type: 3}
      propertyPath: m_LocalRotation.x
      value: 0.7071068
      objectReference: {fileID: 0}
    - target: {fileID: 8964301436178850830, guid: 4a7861b5fb60b49d58720c726f554baf,
        type: 3}
      propertyPath: m_LocalRotation.y
      value: 0
      objectReference: {fileID: 0}
    - target: {fileID: 8964301436178850830, guid: 4a7861b5fb60b49d58720c726f554baf,
        type: 3}
      propertyPath: m_LocalRotation.z
      value: 0.7071068
      objectReference: {fileID: 0}
    - target: {fileID: 8964301436178850830, guid: 4a7861b5fb60b49d58720c726f554baf,
        type: 3}
      propertyPath: m_LocalRotation.w
      value: 0
      objectReference: {fileID: 0}
    - target: {fileID: 8964301436178850830, guid: 4a7861b5fb60b49d58720c726f554baf,
        type: 3}
      propertyPath: m_RootOrder
      value: 0
      objectReference: {fileID: 0}
    - target: {fileID: 8964301436178850830, guid: 4a7861b5fb60b49d58720c726f554baf,
        type: 3}
      propertyPath: m_LocalEulerAnglesHint.x
      value: 0
      objectReference: {fileID: 0}
    - target: {fileID: 8964301436178850830, guid: 4a7861b5fb60b49d58720c726f554baf,
        type: 3}
      propertyPath: m_LocalEulerAnglesHint.y
      value: 90
      objectReference: {fileID: 0}
    - target: {fileID: 8964301436178850830, guid: 4a7861b5fb60b49d58720c726f554baf,
        type: 3}
      propertyPath: m_LocalEulerAnglesHint.z
      value: 180
      objectReference: {fileID: 0}
    - target: {fileID: 8964301436178850830, guid: 4a7861b5fb60b49d58720c726f554baf,
        type: 3}
      propertyPath: m_LocalScale.x
      value: 0.010000007
      objectReference: {fileID: 0}
    - target: {fileID: 8964301436178850830, guid: 4a7861b5fb60b49d58720c726f554baf,
        type: 3}
      propertyPath: m_LocalScale.z
      value: 0.050000057
      objectReference: {fileID: 0}
    - target: {fileID: 8964301436178850830, guid: 4a7861b5fb60b49d58720c726f554baf,
        type: 3}
      propertyPath: m_LocalScale.y
      value: 0.08
      objectReference: {fileID: 0}
    - target: {fileID: 8964301436176557806, guid: 4a7861b5fb60b49d58720c726f554baf,
        type: 3}
      propertyPath: m_Materials.Array.data[0]
      value: 
      objectReference: {fileID: 2100000, guid: 59841f7a8acd648539438da7cafdbfe8, type: 2}
    - target: {fileID: 1043893494979651344, guid: 4a7861b5fb60b49d58720c726f554baf,
        type: 3}
      propertyPath: m_Enabled
      value: 0
      objectReference: {fileID: 0}
    - target: {fileID: 5212484518573874012, guid: 4a7861b5fb60b49d58720c726f554baf,
        type: 3}
      propertyPath: m_Enabled
      value: 0
      objectReference: {fileID: 0}
    m_RemovedComponents: []
  m_SourcePrefab: {fileID: 100100000, guid: 4a7861b5fb60b49d58720c726f554baf, type: 3}
--- !u!4 &44363371764851616 stripped
Transform:
  m_CorrespondingSourceObject: {fileID: 8964301436178850830, guid: 4a7861b5fb60b49d58720c726f554baf,
    type: 3}
  m_PrefabInstance: {fileID: 9005515804424521646}
  m_PrefabAsset: {fileID: 0}
